%%%%%%%%%%%%%%%%%%%%%%% Comments %%%%%%%%%%%%%%%%%%%%%%%%
%% BibTeX can accept names in "forename surname" or "surname, forename".
%% to tell BibTeX when a reference has more than one author by putting the keyword "and" in between every author.
%%%%%%%%%%%%%%%%%%%%%%% Bibliography %%%%%%%%%%%%%%%%%%%%%%%

%% Must compile with:
%% Pdflatex + bib(latex)+Pdflatex (x2) + viewPdf

@online{assign, 
  	author  = {Mihaela Vlasea}, 
  	title   = {{Assignment 1}}, 
  	url     = {https://learn.uwaterloo.ca/d2l/le/content/320914/viewContent/1842519/View}, 
	note 	= {Retrieved June 8, 2017}
}

@online{formula, 
  	author  = {Mihaela Vlasea}, 
  	title   = {{Formula Sheet: Basics of Hydraulics}}, 
  	url     = {https://learn.uwaterloo.ca/d2l/le/content/320914/viewContent/1829628/View}, 
	note 	= {Retrieved June 15, 2017}
}

@Book{matlab,
	title	= {MATLAB R2015b},
	author	= {{\relax The Mathworks, Inc.}},
	year	= {2015},
}

@Book{simulink,
	title	= {Simulink},
	author	= {{\relax The Mathworks, Inc.}},
	year	= {2015},
}

@Book{fluids,
	author = {Frank M. White},
	title = {Fluid Mechanics},
	publisher = {Mcgraw-Hill},
	year = {2011},
	edition = {Seventh},
}

@Book{excel,
  title={Excel},
  author={{\relax Microsoft Corporation}},
  year={2016},
}

