%%%%%%%%%%%%%%%%%%%%%%% Comments %%%%%%%%%%%%%%%%%%%%%%%%
%% BibTeX can accept names in "forename surname" or "surname, forename".
%% to tell BibTeX when a reference has more than one author by putting the keyword "and" in between every author.
%%%%%%%%%%%%%%%%%%%%%%% Bibliography %%%%%%%%%%%%%%%%%%%%%%%

%% Must compile with:
%% Pdflatex + bib(latex)+Pdflatex (x2) + viewPdf

%
@Book{PYTHON,
  title={Python 3.6.1},
  author={{\relax Python Software Foundation}},
  year={2016},
}

